% There is an AFIT 
% bibliography style called thesnumb.  It has some special types 
% and fields.  See some sample entries and info in thesnumb.doc.  
% Note: thisthesis bibliography style only works with bibtex 
% version .99a or higher.

% all of the url entries are at the end in alphabetical order

@Article{adamson2008,
author= {Adamson, P.E. and  Duan, X.F. and  Burggraf, L.W. and
Pak, M.V. and Swalina, C. and Hammes-Schiffer, S.},
year={2008},
volume={112},
pages={1346-1351},
journal={J. Phys. Chem. A}
}
%title= {Modeling positrons in molecular electronic structure calculations with the nuclear-electronic orbital method\label{note:adamson2007-1}},
%journal={J. Phys. Chem. A},

@Article{adamson2015-1,
author= {Adamson, P.E. and  Duan, X.F. and Williams, C. and Burggraf, L.W.},
title= {Vibrational energy levels of LiX and \pLiX (X=H,F,Cl)},
journal={},
year={unpublished},
volume={},
pages={}
}

@Article{adamson2015-2,
author= {Adamson, P.E. and  Duan, X.F. and Petrosky, J. and Burggraf, L.W.},
title= {Positron interaction with \protect\borane},
journal={},
year={unpublished},
volume={},
pages={}
}

@Article{barbiellini1995,
author = {Barbiellini, B. and Puska, M. J. and Torsti, T. and Nieminen, R. M.},
title = {\textbf{Need title.}},
journal = {Phys. Rev. B},
year = {1995},
number = {51},
pages = {7341}
}
@Article{barbiellini1996,
author = {Barbiellini, B. and Puska, M. J. and Horhonen, T. and Harju, A. and Torsti, T. and Nieminen, R. M.},
title = {\textbf{Need title.}},
journal = {Phys. Rev. B},
year = {1996},
number = {53},
pages = {16201}
}

@Article{barnes2006,
  title = {Energy-resolved positron annihilation rates for molecules},
  author = {Barnes, L. D. and Young, J. A. and Surko, C. M.},
  journal = {Phys. Rev. A},
  volume = {74},
  number = {1},
  pages = {012706},
  numpages = {10},
  year = {2006},
  month = {Jul},
  doi = {10.1103/PhysRevA.74.012706},
  publisher = {American Physical Society}
}

@phdthesis{barnesthesis,
title={Energy-resolved positron-molecule annihilation: Vibrational Feshbach resonances and bound states\label{note:barnesthesis}},
school={University of California, San Diego},
author={L. D. Barnes},
year={2005},
type={Dissertation}
}
@Article{bartlett1993,
author = {John R. Stanton and Rodney J. Bartlett},
title = {The equation of motion coupled-cluster method. A systematic biorthogonal approach to molecular excitation energies, transition probabilities, and excited state properties},
journal = {J. Chem. Phys.},
year = {1993},
volume = {98},
number = {9},
pages = {7029-7039}
}
@Article{becke93,
author = {A. D. Becke},
title = {},
journal = {J. Chem. Phys.},
year = {1993},
volume = {98},
pages = {5648}
}

@Misc{becvar2006,
author = {F. Be\v{c}v\'{a}\v{r}},
note="Private Communication",
}
@Article{becvar2000,
author = {F. Be\v{c}v\'{a}\v{r} and J. \v{C}\'{i}\v{z}ek and L. Le\v{s}t\'{a}k and I. Novotn\'{y} and I. Proch\'{a}zka and F. \v{S}ebesta},
title = {A high-resolution {B}a{F}$_2$ positron-lifetime spectrometer and experience with its long-term exploitation},
journal = {Nucl. Instr. and Meth. A},
year = {2000},
volume = {443},
pages = {557-577}
}

@Article{beringer1942,
author = {R. Behringer and C. G. Montgomery},
title = {The Angular Distribution of Positron Annihilation Radiation},
journal = {Phys. Rev.},
year = {1942},
volume = {61},
pages = {222-224}
}

@InBook{bernath-Morse,
author = {P. F. Bernath},
title = {Spectra of Atoms and Molecules},
chapter = {Vibrational Spectroscopy},
publisher = {Oxford University Press},
year = {1995},
pages = {206}
}
@Article{beling1999,
author = {C.D. Beling and S. Fung and Li Ming and M. Gong and B.K. Panda},
title = {A theoretical search for possible high efficiency semiconductor based field assisted positron moderators},
journal = {Applied Surface Science},
year = {1999},
volume = {149},
pages = {253-259}
}
@ARTICLE{bode1998,
AUTHOR="Bode, B. M. and Gordon, M. S.",
title="Macmolplt: a graphical user interface for GAMESS",
JOURNAL="J. Mol. Graphics Mod.",
VOLUME="16",
YEAR="1998",
PAGES="133-138"
}
@ARTICLE{borin2005,
AUTHOR="Borin, Antonio Carlos
and Gobbo, Joao Paulo
and Batista, Renata de Souza
and de Macedo, Luiz Guilherme M.",
TITLE="The lowest singlet, triplet, and quintuplet electronic states of SiC",
JOURNAL="Chemical Physics",
VOLUME="In Press, Corrected Proof"
}
@MastersThesis{boydthesis,
author = {John E. Boyd},
title = {Excited States Of Silicon Carbide Clusters By Time Dependent Density Functional Theory},
school = {Air Force Institute of Technology},
month={June},
type={Graduate Nuclear Engineering M.S. Thesis},
year = {2004},
note={AFIT/GNE/ENP/04-02}
}
@ARTICLE{bratus2001,
AUTHOR="Bratus, V. Ya.
and Makeeva, I. N.
and Okulov, S. M.
and Petrenko, T. L.
and Petrenko, T. T.
and von Bardeleben, H. J.",
TITLE="Positively charged carbon vacancy in 6H-SiC: EPR study",
JOURNAL="Physica B: Condensed Matter",
YEAR="2001",
MONTH="December",
VOLUME="308-310",
PAGES="621--624"
}
@Article{brauer1996-1,
author = {G. Brauer and W. Anwand and E-M. Nicht and J. Kuriplach and M. Sob and N. Wagner and P.G. Coleman and M.J. Puska and T. Korhonen},
title = {Evaluation of some basic positron-related characteristics of SiC},
journal = {Phys. Rev. B},
year = {1996},
volume = {54},
pages = {2512-2517}
}
@Article{brauer1996-2,
author = {G. Brauer and W. Anwand and P. G. Coleman and A. P. Knights and F. Plazaola and Y. Pacaud and W. Skorupa and J. St\"ormer and P. Willutzki},
title = {Positron studies of defects in ion-implanted SiC},
journal = {Phys. Rev. B},
year = {1996},
volume = {54},
pages = {3084-3092}
}
@article{buenker2005,
author = {Buenker, R.J. and Liebermann, H.-P. and Melnikov, V. and Tachikawa, M. and Pichl, L. and Kimura, M.},
title = {Positron Binding Energies for Alkali Hydrides},
journal = {J. Phys. Chem. A},
volume = {109},
number = {26},
pages = {5956-5964},
year = {2005},
}
@Misc{burle85001-501,
key = {Burle 85001-501 Data Sheet},
author = {Burle Industries, Inc.},
title = {Planacon$^{TM}$ Photomultiplier Tube Assembly 85001-501 Data Sheet},
howpublished = {Internet}
}
@Misc{burle85104,
key = {Burle 85104 Data Sheet},
author = {Burle Industries, Inc.},
title = {Planacon$^{TM}$ Photomultiplier Tube Assembly 85104 Data Sheet},
howpublished = {Internet}
}
@Article{canter1975-1,
author={K. F. Canter and A. P. Mills, Jr. and S. Berko},
title={Observations of Positronium Lyman-Radiation},
journal={Phys. Rev. Lett.},
volume={34},
pages={177},
year={1975}
}
@Article{canter1975-2,
author={K. F. Canter and A. P. Mills, Jr. and S. Berko},
title={Fine-Structure Measurement in the First in the First
Excited State of Positronium},
journal={Phys. Rev. Lett.},
volume={34},
pages={1541},
year={1975}
}
@ARTICLE{carlos2003,
AUTHOR="Carlos, W. E.
and Glaser, E. R.
and Shanabrook, B. V.",
TITLE="Optical and magnetic resonance signatures of deep levels in semi-insulating 4H SiC",
JOURNAL="Physica B: Condensed Matter",
YEAR="2003",
MONTH="December",
DAY="31",
VOLUME="340-342",
PAGES="151--155"
}

@Article{changlee,
author = {C. Lee},
title = {Stationary states of electron-positron systems and annihilation transitions},
journal = {Sov. Phys. JETP},
year = {1958},
volume = {33},
number = {2},
pages = {281-291}
}
@BOOK{charlton,
  author = {M. Charlton and J. W. Humberston},
  title = {Positron Physics},
  publisher = {Cambridge University Press},
  year = {2001}
}

@Article{chen2003,
author = {X.D. Chen and S. Fung and C.C. Ling and C.D. Beling and M.Gong},
title = {\textbf{Need title.}},
journal = {Journal of Applied Physics},
year = {2003},
volume = {94},
number = {5},
pages = {need}
}

@InBook{choi2001,
author = {C. H. Choi and M. S. Gordon},
title = {The Chemistry of Organic Silicon Compounds},
chapter = {Chemistry on Silicon Surfaces},
publisher = {Wiley},
year = {2001},
pages = {821}
}
@BOOK{cohen-tannoudji-10,
  author = {C. Cohen-Tannoudji and B. Diu and F. Lalo\:e},
  title = {Quantum Mechanics},
  publisher = {Wiley-Interscience},
  year = {1977},
  chapter = {X},
  volume = {2}
}

@BOOK{cohen-tannoudji-c12,
  author = {C. Cohen-Tannoudji and B. Diu and F. Lalo\:e},
  title = {Quantum Mechanics},
  publisher = {Wiley-Interscience},
  year = {1977},
  chapter = {C$_{XII}$},
  volume = {2}
}

@book{cook,
author = {D. B. Cook},
title = {Handbook of Computational Quantum Chemistry},
publisher = {Dover},
year = {2005}
}

@InProceedings{corbel1995,
author = {C. Corbel and P. Hautojarvi},
title = {Positron Spectroscopy of Solids},
booktitle = {Proc. Int. Sch. Phys. Enrico Fermi},
pages = {491 and 533},
year = {1995},
address = {Amsterdam},
publisher = {ISO}
}
@Book{cramer2002,
author = {Cramer, C. J.},
title = {Essentials of Computational Chemistry: Theories and Models},
publisher = {Wiley},
year = {2002},
address = {Chichester}
}

@MastersThesis{crockettthesis,
author = {Heather C. Crockett},
title = {Characterization of the Optical and Electrical Properties of Proton- Irradiated 4H-Silicon Carbide},
school = {Air Force Institute of Technology},
year = {2002},
type = {Graduate Nuclear Engineering M.S. Thesis},
month = {March},
note = {AFIT/GNE/ENP/02M-01}
}
@InBook{csaszar2000,
author = {Cs\'{a}sz\'{a}r, A. G. and Allen, W. D. and Yamaguchi, Y. and Schaefer, H. F.},
editor = {Jensen, P. and Bunker, P. R.},
title = {Computational Molecular Spectroscopy},
chapter = {\textit{Ab Initio} Determination of Accurate Ground Electronic State Potential Energy Hypersurfaces for Small Molecules},
publisher = {Wiley},
year = {2000},
address = {Chichester}
}
@Book{cweb,
author = {D. E. Knuth and S. Levy},
title = {The \cweb System of Structured Documentation},
address = {Reading, Massachusetts},
publisher ={Addison-Wesley},
year={1993}
}
@Article{dapprich1999,
author={S. Dapprich and I. Komaromi and K.S. Byun and K. Morokuma and M.J. Frisch},
journal={J. Mol. Struct. (Theochem)},
volume={461-462},
pages={1},
year={1999}
}
@Article{debenedetti1950,
author = {S. DeBenedetti and C. E. Cowan and W. R. Konneker and H. Primakoff},
title = {On the Angular Distribution of Two-Photon Annihilation Radiation},
journal = {Phys. Rev.},
year = {1950},
volume = {77},
number = {2},
pages = {205-212}
}
@Article{deutsch1951-1,
author={M. Deutsch},
title={Evidence for the formation of positronium in gases},
journal={Phys. Rev.},
year={1951},
volume={82},
pages={455-456}
}
@Article{deutsch1951-2,
author={M. Deutsch},
title={Three-quantum decay of positronium},
journal={Phys. Rev.},
year={1951},
volume={83},
pages={866-867}
}
@Article{dirac1928,
author = {P. A. M. Dirac},
title = {The Quantum Theory of the Electron},
journal = {Proc. Roy. Soc.},
year = {1928},
volume = {117},
pages = {610}
}
@Article{duan2002,
author = {X. Duan and L.W. Burggraf and D.E. Weeks and G.E. Davico and R.L. Schwartz and W.C. Lineberger},
title = {Photoelectron Spectroscopy of Si2C3 - and Quantum Chemistry of the Linear Si2C3 Cluster and Its Isomers},
journal = {J. of Chem. Phys.},
year = {2002},
number = {116},
pages = {3601}
}
@article{dunning1989,
author = {Dunning, Jr., T. H.},
title = {Gaussian basis sets for use in correlated molecular calculations. I. The atoms boron through neon and hydrogen},
publisher = {AIP},
year = {1989},
journal = {J. Chem. Phys.},
volume = {90},
number = {2},
pages = {1007-1023},
}
@InProceedings{egamediev2001,
author = {S. Kh. Egamediev and S. Khujaev and A. I. Muminov},
title = {Production of Carrier-Free Germanium-68 by Alpha-Particle Bombardment Zinc Cyclotron Target},
booktitle = {Cyclotrons and Their Applications 2001, Sixteenth International Conference},
pages = {55-56},
year = {2001},
editor = {F. Marti},
publisher = {American Institute of Physics}
}
@ARTICLE{ElMellouhi20051,
AUTHOR="El-Mellouhi, Fedwa
and Mousseau, Normand",
TITLE="Self-vacancies in gallium arsenide: An ab initio calculation",
JOURNAL="Physical Review B (Condensed Matter and Materials Physics)",
YEAR="2005",
MONTH="March",
DAY="15",
PUBLISHER="APS",
VOLUME="71",
ISSUE="12",
PAGES="125207--12",
KEYWORD="gallium arsenide",
KEYWORD="defect states",
KEYWORD="III-V semiconductors",
KEYWORD="ab initio calculations",
KEYWORD="density functional theory",
KEYWORD="vacancies (crystal)"
}

@article{emin2006,
author = {D. Emin},
title = {Unusual properties of icosahedral boron-rich solids},
journal= {J. Sol. State. Chem.},
pages = {2791-2798},
volume={179},
year = {2006},
}

@Misc{WolframAlpha1,
title = {http://www.wolframalpha.com/input/?i=What+is+the+nth+derivative+of+Exp\%5B-b+x\%5E2\%5D\%3F},
howpublished = {Internet}
}

@Misc{estar,
key = {ESTAR},
title = {http://physics.nist.gov/PhysRefData/Star/Text/ESTAR.html},
howpublished = {Internet}
}
@MastersThesis{evans,
author = {Brian L. Evans},
title = {Fan-Beam Multiplexed Compton Scatter Tomography for Single-Sided Noninvasive Inspection},
school = {AFIT},
year = {1999}
}
@Article{ferrell1956,
author = {R. A. Ferrell},
title = {Thoery of Positron Annihilation in Solids},
journal = {Rev. Mod. Phys.},
year = {1956},
volume = {28},
number = {3},
pages = {308-337}
}

@Article{feshbach,
author={H. Feshbach},
title={Unified theory of nuclear reactions},
journal={Ann. of Phys.},
volume={5},
pages={357-390},
year={1958}
}

@InBook{froese1998,
author = {R.D.J. Froese and K. Morokuma},
title = {Encylopedia of Computational Chemistry},
chapter = {},
publisher = {John Wiley and Sons},
year = {1998},
volume = {2},
address = {Chichester, Sussex},
pages = {1244-1257}
}
@ARTICLE{frolov2005,
AUTHOR="Frolov, Alexei M.",
TITLE="Positron annihilation in the positronium negative ion Ps-",
JOURNAL="Physics Letters A",
VOLUME="In Press, Corrected Proof",
YEAR="2005"
}

@article{fushitani1998,
author = {Mizuho Fushitani and Norihito Sogoshi and Tomonari Wakabayashi and Takamasa Momose and Tadamasa Shida},
collaboration = {},
title = {Photoinduced reactions of methyl radical in solid parahydrogen},
publisher = {AIP},
year = {1998},
journal = {The Journal of Chemical Physics},
volume = {109},
number = {15},
pages = {6346-6350},
keywords = {organic compounds; free radicals; photolysis; ground states; excited states},
}
% url = {http://link.aip.org/link/?JCP/109/6346/1}

@ARTICLE{goldanskii1964,
author = {{Goldanskii}, V.~I. and {Sayasov}, Y.~S.},
title = {On the resonance annihilation of positrons in collisions with neutral atoms or molecules},
journal = {Phys. Lett.},
year = 1964,
month = dec,
volume = 13,
pages = {300-301},
}
@Manual{g03,
title = {Gaussian 03, Revision B.05},
author = {M. J. Frisch and G. W. Trucks and H. B. Schlegel and G. E. Scuseria and
 M. A. Robb and J. R. Cheeseman and J. A. Montgomery, Jr. and T. Vreven and
 K. N. Kudin and J. C. Burant and J. M. Millam and S. S. Iyengar and J. Tomasi and
 V. Barone and B. Mennucci and M. Cossi and G. Scalmani and N. Rega and
 G. A. Petersson and H. Nakatsuji and M. Hada and M. Ehara and K. Toyota and
 R. Fukuda and J. Hasegawa and M. Ishida and T. Nakajima and Y. Honda and O. Kitao and
 H. Nakai and M. Klene and X. Li and J. E. Knox and H. P. Hratchian and J. B. Cross and
 C. Adamo and J. Jaramillo and R. Gomperts and R. E. Stratmann and O. Yazyev and
 A. J. Austin and R. Cammi and C. Pomelli and J. W. Ochterski and P. Y. Ayala and
 K. Morokuma and G. A. Voth and P. Salvador and J. J. Dannenberg and
 V. G. Zakrzewski and S. Dapprich and A. D. Daniels and M. C. Strain and
 O. Farkas and D. K. Malick and A. D. Rabuck and K. Raghavachari and
 J. B. Foresman and J. V. Ortiz and Q. Cui and A. G. Baboul and S. Clifford and
 J. Cioslowski and B. B. Stefanov and G. Liu and A. Liashenko and P. Piskorz and
 I. Komaromi and R. L. Martin and D. J. Fox and T. Keith and M. A. Al-Laham and
 C. Y. Peng and A. Nanayakkara and M. Challacombe and P. M. W. Gill and
 B. Johnson and W. Chen and M. W. Wong and C. Gonzalez and J. A. Pople},
organization = {Gaussian, Inc.},
address = {Pittsburgh PA},
year = {2003}
}

@Article{gamess19may2004,
author = {M. W. Schmidt and K. K. Baldridge and J. A. Boatz and S. T. Elbert and M. S. Gordon and J. H. Jensen and S. Koseki and N. Matsunaga and K. A. Nguyen and S. J. Su, T. L. Windus, M. Dupuis and J. A. Montgomery},
title = {GAMESS Version 19 May 2004 (R4)},
journal = {J. Comput. Chem.},
year = {1993},
volume = {14},
pages = {1347-1363},
}
@Article{green1988,
author={T.A. Green and A.C. Switendick and David Emin},
title={\textit{Ab initio} self-consistent field (SCF) calculations on borane icosahedra
with zero, one, or two substituted carbon atoms},
journal={J. Chem. Phys.},
volume={89},
number={11},
year={1988},
pages={6815-6822}
}
@Article{girka1995,
author = {A.I. Girka and E.N. Mokhov},
title = {Vacancy defects in silicon carbide},
journal = {Phys. Sol. State},
year = {1995},
volume = {37},
pages = {1855}
}
@InBook{graham1994,
  author = {R. L. Graham and D. E. Knuth and O. Patashnik},
  chapter = {``Integer Functions''},
  title = {Concrete Mathematics : A Foundation for Computer Science},
  edition = {2nd},
  publisher = {Addison - Wesley}, 
  pages = {67 - 101},
  year = {1994},
  city = {Reading, MA}
}
@Article{gribakin2000,
  title = {Mechanisms of positron annihilation on molecules},
  author = {Gribakin, G. F.},
  journal = {Phys. Rev. A},
  volume = {61},
  number = {2},
  pages = {022720},
  numpages = {13},
  year = {2000},
  month = {Jan},
  doi = {10.1103/PhysRevA.61.022720},
  publisher = {American Physical Society}
}
@InBook{gribakin2001,
author = {G. F. Gribakin},
title = {New Directions in Antimatter Chemistry and Physics},
chapter = {Theory of positron annihilation on molecules},
publisher = {Kluwer Academic Publishers},
year = {2001},
editor={C. M. Surko and F. A. Gianturco},
address = {Dordrecht}
}

@article{gribakin2006,
author = {G. F. Gribakin and C. M. R. Lee},
title = {Positron Annihilation in Molecules by Capture into Vibrational Feshbach Resonances of Infrared-Active Modes},
publisher = {APS},
year = {2006},
journal = {Phys. Rev. Lett.},
volume = {97},
number = {19},
pages = {193201},
}
@ARTICLE{hill2002,
AUTHOR="Hill, A. J.
and Huang, J.
and Efthimiadis, J.
and Meakin, P.
and Forsyth, M.
and MacFarlane, D. R.",
TITLE="Microstructural and molecular level characterisation of plastic crystal phases of pyrrolidinium trifluoromethanesulfonyl salts",
JOURNAL="Solid State Ionics",
YEAR="2002",
VOLUME="154-155",
PAGES="119--124",
}
@Article{huang1997,
author = {Y.M. Huang},
title = {Positron irradiation: A technique for modifying the
photoluminescent structures of porous silicon},
journal = {Appl. Phys. Lett.},
year = {1997},
volume = {71},
number = {26},
pages = {3850-3852}
}
@Inproceedings{hunt2006,
author={J. Urban-Klaehn and S. Ritchie and A. W. Hunt},
title={Application of the surface and volumetric positron techniques for the assessment of 
material damage in real life conditions},
booktitle={XIV International Conference on Positron Annihilation},
year={2006}
}
@Article{hunt2001,
author = {A. W. Hunt and D. B. Cassidy and P. A. Sterne and T. E. Cowan and R. H. Howell and K. G. Lynn and J. A. Golovchenko},
title = {Doppler Broadening of In-Flight Positron Annihilation Radiation dueo to Electron Momentum},
journal = {Phys. Rev. Let.},
year = {2001},
volume = {86},
number = {24},
pages = {5612-5615}
}
@ARTICLE{Hugenschmidt20021,
AUTHOR="Hugenschmidt, C.
and Stra[ss]er, B.
and Schreckenbach, K.",
TITLE="Investigation of positron work function and moderation efficiency of Ni, Ta, Pt and W(1 0 0)",
JOURNAL="Applied Surface Science",
YEAR="2002",
MONTH="June",
DAY="21",
VOLUME="194",
ISSUE="1-4",
PAGES="283--286"
}
@Manual{hutchinson,
title = {Graphics for Inclusion in Electronic Documents, http://silas.psfc.mit.edu/elec\_fig/\#boundingbox},
author = {Hutchinson, I.}
}
@govpub{icru37,
key = {ICRU Report 37},
organization={International Commission on Radiation Units and Measurements},
title={Stopping Powers for Electrons and Positrons},
type={Report},
number={37},
year=1984
}
@ARTICLE{ilyin2003,
AUTHOR="Ilyin, I. V.
and Muzafarova, M. V.
and Mokhov, E. N.
and Baranov, P. G.
and Orlinskii, S. B.
and Schmidt, J.",
TITLE="Multivacancy clusters in silicon carbide",
JOURNAL="Physica B: Condensed Matter",
YEAR="2003",
MONTH="December",
DAY="31",
VOLUME="340-342",
PAGES="128--131"
}

@InProceedings{irle2001,
author = {Irle, S. and Shaver, S. R. and Morokuma, K.},
year = {2001},
address = {Silicon Valley, CA}
}

@ARTICLE{iordanov2003,
AUTHOR="Iordanov, T.
and Hammes-Schiffer, S.",
TITLE="Vibrational analysis for the nuclear--electronic orbital method",
JOURNAL="J. Chem. Phys.",
YEAR="2003",
MONTH="June",
DAY="01",
PUBLISHER="AIP",
VOLUME="118",
ISSUE="21",
PAGES="9489--9496",
KEYWORD="vibrational states",
KEYWORD="orbital calculations",
KEYWORD="variational techniques",
KEYWORD="GTO calculations",
KEYWORD="potential energy surfaces",
KEYWORD="free energy"
}
@ARTICLE{irby2004,
AUTHOR="Irby, Victor D.",
TITLE="Picosecond timing resolution detection of $\gamma$-photons utilizing microchannel-plate detectors: experimental tests of quantum nonlocality and photon localization",
JOURNAL="Measurement Science and Technology",
YEAR="2004",
ISSUE="9",
PAGES="1799--1810",
ISSN="0957-0233"
}

%title = {Intrinsic Defects in Cubic Silicon Carbide},
@Article{itoh1997,
author = {H. Itoh and A. Kawasuso and T. Ohshima and M. Yoshikawa and I. Nashiyama and S. Tanigawa and S. Misawa and H. Okumura and S. Yoshida},
journal = {Phys. Stat. Sol. (a)},
year = {1997},
volume = {162},
pages = {173-198}
}
@Article{janotti2003,
author = {A. Janotti and S. -H. Wei and S. B. Zhang and S. Kurtz and C. G. V. d. Walle},
title = {},
journal = {Phys. Rev. B},
year = {2003},
volume = {67},
number = {},
pages = {},
month = {},
note = {\textbf{Need to get.}}
}
@Article{jiang03,
author = {Zhen-Yi Jiang and Xiao-Hong Xu and Hai-Shun Wu and Fu-Qiang Zhang and Zhi-Hao Jin},
title = {First principles study of the structure, electronic state and stability of Si$_n$C$_m^-$ anions},
journal = {Chem. Phys.},
year = {2003},
volume = {290},
pages = {223-231}
}
@MastersThesis{jonesthesis,
author = {Kent T. Jones},
title = {Measurements of Neutron Induced Surface and Bulk Defects in 4H Silicon Carbide},
school = {Air Force Institute of Technology},
year = {2002},
type = {Graduate Nuclear Engineering M.S. Thesis},
month = {March},
note = {AFIT/GNE/ENP/02M-03}
}
@ARTICLE{kawasuso1996,
AUTHOR="Kawasuso, Atsuo
and Itoh, Hisayoshi
and Okada, Sohei
and Okumura, Hajime",
TITLE="Annealing processes of vacancy-type defects in electron-irradiated and as-grown 6H-SiC studied by positron lifetime spectroscopy",
JOURNAL="Journal of Applied Physics",
YEAR="1996",
MONTH="November",
DAY="15",
PUBLISHER="AIP",
VOLUME="80",
ISSUE="10",
PAGES="5639--5645",
KEYWORD="POSITRON PROBES",
KEYWORD="SILICON CARBIDES",
KEYWORD="CRYSTAL DEFECTS",
KEYWORD="VACANCIES",
KEYWORD="ANNEALING",
KEYWORD="RADIATION EFFECTS",
KEYWORD="ELECTRON BEAMS",
KEYWORD="MEV RANGE 01&amp;#150",
KEYWORD="10"
}
@Article{kendall2000,
author = {Kendall, R.A. and Apra, E. and Bernholdt, D.E. and Bylaska, E.J. and Dupuis, M. and Fann, G.I. and Harrison, R.J. and Ju, J. and Nichols, J.A. and Nieplocha, J. and Straatsma, T.P. and Windus, T.L. and Wong, A.T.},
title = {High Performance Computational Chemistry: An Overview of NWChem a Distributed Parallel Application},
journal = {Computer Phys. Comm.},
year = {2000},
volume = {128},
pages = {260-283}
}

@ARTICLE{Kirkegaard19811,
AUTHOR="Kirkegaard, P.
and Eldrup, M.
and Mogensen, O. E.
and Pedersen, N. J.",
TITLE="Program system for analysing positron lifetime spectra and angular correlation curves",
JOURNAL="Computer Physics Communications",
YEAR="1981",
MONTH="July",
VOLUME="23",
PAGES="307--335"
}
@Book{knoll,
author = {G. F. Knoll},
title = {Radiation Detection and Measurement},
publisher = {John Wiley and Sons, Inc.},
year = {2000},
address = {New York}
}
@Article{kozlova1993,
AUTHOR="Kozlova, S. G.
and Moroz, N. K.
and Volkov, V. V.",
TITLE="Structural features of potassium and cesium dodecahydro-closo-dodecaborates(2-) according to $^1$H and $^{11}$B NMR data",
JOURNAL="J. Struc. Chem.",
YEAR="1993",
MONTH="March",
VOLUME="34",
PAGES="244--247"
}
@Book{krause1999,
author = {R. Krause-Rehberg and H. S. Leipner},
title = {Positron {A}nnihilation in {S}emiconductors: {D}efect {S}tudies},
publisher = {Springer},
year = {1999},
volume = {12},
series = {Solid-State Physics},
address = {New York}
}
@InBook{krause1999-Sparameter,
author = {R. Krause-Rehberg and H. S. Leipner},
title = {Positron {A}nnihilation in {S}emiconductors: {D}efect {S}tudies},
publisher = {Springer},
year = {1999},
volume = {12},
series = {Solid-State Physics},
address = {New York},
chapter = {2.3.2.2}
}
@article{krishnan1979,
author = {R. Krishnan and J. S. Binkley and R. Seeger and J. A. Pople},
collaboration = {},
title = {Self-consistent molecular orbital methods. XX. A basis set for correlated wave functions},
publisher = {AIP},
year = {1980},
journal = {J. Chem. Phys.},
volume = {72},
number = {1},
pages = {650-654},
keywords = {MOLECULAR ORBITAL METHOD; SELF=(HYPHEN)=CONSISTENT FIELD; WAVE FUNCTIONS; HYDROGEN; HELIUM; POLARIZATION; ELECTRONIC STRUCTURE; GROUND STATE},
}
%url = {http://link.aip.org/link/?JCP/72/650/1},


@Article{kuriplach2002,
author = {J. Kuriplach},
title = {Positron-defect interactions in complex systems},
journal = {App. Surf. Sci.},
year = {2002},
volume = {194},
pages = {61-70}
}
@article{kurtz1981,
author = {H. A. Kurtz and K. D. Jordan},
collaboration = {},
title = {Theoretical studies of positron--molecule complexes},
publisher = {AIP},
year = {1981},
journal = {J. Chem. Phys.},
volume = {75},
number = {4},
pages = {1876-1887},
}
@Article{lam2004,
author = {C.H. Lam and T.W. Lam and C.C. Ling and S. Fung and C.D. Beling and H. De-Sheng and W. Huimin},
title = {Positron lifetime studies on 8 MeV electron-irradiated n-type 6H silicon carbide},
journal = {J. Phys.: Condens. Matter},
year = {2004},
number = {16},
pages = {8409-8419}
}
@Article{lee88,
author = {C. Lee and W. Yang and R. G. Parr},
title = {},
journal = {Phys. Rev. B},
year = {1988},
volume = {37},
pages = {785}
}
@Article{li2000,
author = {G. Li and L.W. Burggraf and J.R. Shoemaker and D. Eastwood and A.E. Stiegman},
title = {High-temperature photoluminescence in sol-gel silica containing SiC/C nanostructures},
journal = {Applied Physics Letters},
year = {2000},
volume = {76},
number = {23},
pages = {3373}
}
@Unpublished{lineberger-unpub,
author = {C. Lineberger},
note = {unpublished data}
}

@InCollection{ling2000,
author = {C.C. Ling and C.D. Beling and M. Gong and X.D. Chen and S. Fung},
title = {Recent advances in defect characterization in 6H-SiC using deep level transient spectroscopy and positron annihilation spectroscopy},
booktitle = {Defects and diffusion in semiconductors--An annual retrospective III. Defect and Diffusion Forum},
pages = {183-185},
publisher = {Scitec Publications},
year = {2000},
volume = {1}
}
@ARTICLE{lingner2001-1,
AUTHOR="Lingner, Th.
and Greulich-Weber, S.
and Spaeth, J. -M.
and Gerstmann, U.
and Rauls, E.
and Overhof, H.",
TITLE="The annealing product of the silicon vacancy in 6H-SiC",
JOURNAL="Physica B: Condensed Matter",
YEAR="2001",
MONTH="December",
VOLUME="308-310",
PAGES="625--628"
}
@ARTICLE{lingner2001-2,
AUTHOR="Lingner, Th.
and Greulich-Weber, S.
and Spaeth, J. -M.",
TITLE="The ground state of silicon vacancies in 6H-SiC and 15R-SiC",
JOURNAL="Physica B: Condensed Matter",
YEAR="2001",
MONTH="December",
VOLUME="308-310",
PAGES="649--651"
}
@ARTICLE{Liszkay20021,
AUTHOR="Liszkay, L.
and Kajcsos, Zs.
and Barthe, M. -F.
and Henry, L.
and Duplatre, G.
and Nagy, A.",
TITLE="Improved tungsten moderator structures for slow positron beams",
JOURNAL="Applied Surface Science",
YEAR="2002",
MONTH="June",
DAY="21",
VOLUME="194",
ISSUE="1-4",
PAGES="16--19"
}
@Article{lowdin1955-1,
  title = {Quantum Theory of Many-Particle Systems. I. Physical Interpretations by Means of Density Matrices, Natural Spin-Orbitals, and Convergence Problems in the Method of Configurational Interaction},
  author = {L\"owdin, Per-Olov },
  journal = {Phys. Rev.},
  volume = {97},
  number = {6},
  pages = {1474--1489},
  numpages = {15},
  year = {1955},
  month = {Mar},
  doi = {10.1103/PhysRev.97.1474},
  publisher = {American Physical Society}
}
@Article{lowdin1955-2,
  title = {Quantum Theory of Many-Particle Systems. II. Study of the Ordinary Hartree-Fock Approximation},
  author = {L\"owdin, Per-Olov },
  journal = {Phys. Rev.},
  volume = {97},
  number = {6},
  pages = {1490--1508},
  numpages = {18},
  year = {1955},
  month = {Mar},
  doi = {10.1103/PhysRev.97.1490},
  publisher = {American Physical Society}
}
@Article{lowdin1955-3,
  title = {Quantum Theory of Many-Particle Systems. III. Extension of the Hartree-Fock Scheme to Include Degenerate Systems and Correlation Effects},
  author = {L\"owdin, Per-Olov },
  journal = {Phys. Rev.},
  volume = {97},
  number = {6},
  pages = {1509--1520},
  numpages = {11},
  year = {1955},
  month = {Mar},
  doi = {10.1103/PhysRev.97.1509},
  publisher = {American Physical Society}
}
@Article{lynn2002-1,
author = {C. L. Wang and M. H. Weber and K. G. Lynn and K. P. Rodbell},
title = {Nanometer-scale {P}ores in low-$k$ {d}ielectric {F}ilms probed by positron
annihilation lifetime spectroscopy},
journal = {App. Phys. Let.},
year = {2002},
key = {},
volume = {81},
number = {23},
pages = {4413-4415},
month = {Dec}
}
@Article{lynn2004-1,
author = {A. J. Ptak and S. Kurtz and M. H. Weber and K. G. Lynn},
title = {Positron {A}nnihilation {S}tudy of {V}acancies in GaInNAs},
journal = {J. Vac. Sci. Technol. B},
year = {2004},
key = {},
volume = {22},
number = {3},
pages = {1584-1587},
month = {May/Jun}
}
@Article{major2004,
author = {Zs. Major and S.B. Dugdale and R. J. Watts and J. Laverock and J. J. Kelly and D. C. R. Hedley and M. A. Alam},
title = {Refining Fermi surface topologies from \textit{ab initio} calculations through momentum density spectroscopies},
journal = {J. Phys. Chem. Sol.},
year = {2004},
volume = {65},
pages = {2011-2016}
}
@Article{mella2001,
author = {M. Mella and D. Bressanini and G. Morosi},
title = {Stability and production of positron-diatomic molecule complexes},
journal = {J. Chem. Phys.},
year = {2001},
volume = {114},
number = {24},
pages = {10579-10582}
}

@Article{michalopoulos,
author = {D.L. Michalopoulos and M.E. Geusic and P.R.R. Langridge-Smith and R.E. Smalley},
title = {Visible Spectroscopy of jet cooled SiC$_2$: Geometry and electronic structure.},
journal = {J. Chem. Phys.},
year = {1984},
volume = {80},
pages = {3556}
}
@Article{miehlich89,
author = {B. Miehlich and A. Savin and H. Stoll and H. Preuss},
title = {},
journal = {Chem. Phys. Lett.},
year = {1989},
volume = {157},
number = {200}
}
@InBook{mijnarends1995,
author = {P. E. Mijnarends and A. Bansil},
title = {Proceedings of the International School of Physics (Enrico Fermi): Positron Spectroscopy of Solids},
chapter = {Theory of Electron and Positron Momentum Distributions in Solids},
publisher = {IOS Press},
year = {1995},
address = {Amsterdam}
}
@article{mitroy2000,
  author={J Mitroy and G G Ryzhikh},
  title={The structure of  e $^{+}$ LiH},
  journal={J. Phys. B: At. Mol. Opt.},
  volume={33},
  number={18},
  pages={3495-3506},
  year={2000},
  abstract={The stochastic variational method (SVM) has been used to confirm the prediction of a quantum Monte~Carlo (QMC) calculation (Bressanini et al 1998 J.~Chem.~Phys. ~ 109 1716) that a positron can be bound to the lithium hydride molecule (LiH). The adiabatic approximation was not made and the nuclear motion was explicitly included in the calculation. A completely ab~initio calculation gave a positron binding energy of 0.613~eV and constitutes an explicit demonstration of binding not restricted to the Born-Oppenheimer approximation. The fixed-core variant of the SVM was also used with a Li $^{+}$ 1s$^{2}$ core. The positron binding energy in the fixed-core SVM was 0.909~eV, which is approximately the same as that previously reported in the QMC calculation. The mean inter-nuclear radius was 3.96~  a $_{0}$ and the 2 \&gamma; annihilation rate of the  e $^{+}$ LiH ground state was 1.64$\times$10$^{9}$~s$^{-1}$ . }
}
  %url={http://stacks.iop.org/0953-4075/33/3495},

@Article{mitroy2002,
author = {J. Mitroy and M. W. J. Bromley and G. G. Ryzhikh},
title = {Positron and positronium binding to atoms},
journal = {J. Phys. B.},
year = {2002},
volume = {35},
pages = {R81-R116}
}
@article{mitroy2004,
author = {J. Mitroy and S. A. Novikov},
collaboration = {},
title = {The stability and structure of the (m[sup Z+],e[sup -],e[sup -],e[sup +]) system},
publisher = {APS},
year = {2004},
journal = {Phys. Rev. A},
volume = {70},
number = {3},
eid = {032511},
numpages = {9},
pages = {032511},
keywords = {dissociation; positronium; binding energy; resonant states; positive ions; isoelectronic series; ground states},
}
%url = {http://link.aps.org/abstract/PRA/v70/e032511}
@article{mitroy2006,
author = {J. Mitroy},
collaboration = {},
title = {Energy and expectation values of the PsH system},
publisher = {APS},
year = {2006},
journal = {Phys. Rev. A}, 
volume = {73},
number = {5},
eid = {054502},
numpages = {3},
pages = {054502},
keywords = {positronium; ground states; variational techniques; wave functions},
}
%url = {http://link.aps.org/abstract/PRA/v73/e054502},
@Article{molden,
author = {Schaftenaar, G. and Noordik, J.H.},
title = {Molden: a pre- and post-processing program for molecular and electronic structures},
journal = {J. Comput.-Aided Mol. Design},
year = {2000},
number = {14},
pages = {123-134}
}

@Article{moller1934,
  title = {Note on an Approximation Treatment for Many-Electron Systems},
  author = {M\o{}ller, C.  and Plesset, M. S.},
  journal = {Phys. Rev.},
  volume = {46},
  number = {7},
  pages = {618--622},
  year = {1934},
  month = {Oct},
  publisher = {American Physical Society}
}
@Article{nakajima1995,
author = {Nakajima, A. and Taguwa, T. and Nakao, K. and Gomei, M. and Kishi, R. and Iwata, S. and Koya, K.},
title = {},
journal = {J. Chem. Phys.},
year = {1995},
volume = {103},
pages = {2050}
}

@Book{nuclides,
author = {Josef R. Parrington and Harold D. Knox and Susan L. Breneman and Edward M. Baum and Frank Feiner},
title = {Nuclides and {I}sotopes},
publisher = {General Electric Co. and KAPL, Inc.},
year = {1996},
edition = {15}
}

@Manual{nwchem,
author = {E. J. Bylaska and W. A. de Jong and K. Kowalski and T. P. Straatsma and M. Valiev and D. Wang and E. Apr\'{a} and T. L. Windus and S. Hirata and M. T. Hackler and Y. Zhao and P.-D. Fan and R. J. Harrison and M. Dupuis and D. M. A. Smith and J. Nieplocha and V. Tipparaju and M. Krishnan and A. A. Auer and M. Nooijen and E. Brown and G. Cisneros and G. I. Fann and H. Fr\"{u}chtl and J. Garza and K. Hirao and R. Kendall and J. A. Nichols and K. Tsemekhman and K. Wolinski and J. Anchell and D. Bernholdt and P. Borowski and T. Clark and D. Clerc and H. Dachsel and M. Deegan and K. Dyall and D. Elwood and E. Glendening and M. Gutowski and A. Hess and J. Jaffe and B. Johnson and J. Ju and R. Kobayashi and R. Kutteh and Z. Lin and R. Littlefield and X. Long and B. Meng and T. Nakajima and S. Niu and L. Pollack and M. Rosing and G. Sandrone and M. Stave and H. Taylor and G. Thomas and J. van Lenthe and A. Wong and Z. Zhang},
title = {NWChem, A Computational Chemistry Package for Parallel Computers, Version 5.0},
organization = {Pacific Northwest National Laboratory},
address = {Richland, Washington 99352-0999, USA},
year = {2006}
}

@TechReport{palsfit,
title = {PALSfit: A computer program for analysing positron lifetime spectra},
author = {J. V. Olsen and P. Kirkegaard and N. J. Pedersen and M. Eldrup},
number = {Ris\o{}-R-0000(EN)},
institution= {Ris{\o} National Laboratory},
year={2006}
}

@Misc{ortec9327,
key = {Ortec 9327 Data Sheet},
author = {PerkinElmer Ortec},
title = {Ortec 9327 1-GHz Amplifier and Timing Discriminator Data Sheet},
howpublished = {Internet}
}

@Article{pak2004-2,
author = {M. V. Pak and S. Hammes-Schiffer},
title = {Electron-Proton Correlation for Hydrogen Tunneling Systems},
journal = {Phys. Rev. Lett.},
year = {2004},
volume = {92},
pages = {103002}
}

@Article{pak2004,
author = {M. V. Pak and C. Swalina and S. P.  and S. Hammes-Schiffer},
title = {Application of the nuclear-electronic orbital method to hydrogen transfer systems: multiple centers and multiconfigurational wavefunctions},
journal = {Chem. Phys.},
year = {2004},
volume = {304},
pages = {227-236}
}

@TechReport{patfit88,
title = {PATFIT-88},
author = {P. Kirkegaard and N. Pederson and M. Eldrup},
institution= {Ris\o{ } National Laboratory},
number = {Riso-M-2704},
year = {1989}
}
@Article{paul1963,
  title = {Rapid Annihilations of Positrons in Polyatomic Gases},
  author = {Paul, D. A. L. and Saint-Pierre, L. },
  journal = {Phys. Rev. Lett.},
  volume = {11},
  number = {11},
  pages = {493--496},
  numpages = {3},
  year = {1963},
  month = {Dec},
  doi = {10.1103/PhysRevLett.11.493},
  publisher = {American Physical Society}
}
@ARTICLE{Pensl20031,
AUTHOR="Pensl, G.
and Frank, T.
and Krieger, M.
and Laube, M.
and Reshanov, S.
and Schmid, F.
and Weidner, M.",
TITLE="Implantation-induced defects in silicon carbide",
JOURNAL="Physica B: Condensed Matter",
YEAR="2003",
MONTH="December",
DAY="31",
VOLUME="340-342",
PAGES="121--127"
}

@ARTICLE{Puff19831,
AUTHOR="Puff, Werner",
TITLE="PFPOSFIT: A new version of a program for analysing positron lifetime spectra with non-Gaussian prompt curve",
JOURNAL="Computer Physics Communications",
YEAR="1983",
MONTH="December",
VOLUME="30",
ISSUE="4",
PAGES="359--368"
}

@ARTICLE{puff1995,
AUTHOR="Puff, W.
and Boumerzoug, M.
and Brown, J.
and Mascher, P.
and Macdonald, D.
and Simpson, P. J.
and Balogh, A. G.
and Hahn, H.
and Chang, W.
and Rose, M.",
TITLE="An investigation of point defects in silicon carbide",
JOURNAL="Applied Physics A: Materials Science and Processing",
YEAR="1995",
MONTH="July",
VOLUME="61",
ISSUE="1",
PAGES="55--58"
}


@Article{rempel2002,
author = {A.A. Rempel and W. Sprengel and K. Blaurock and K.J. Reichle and J. Major and H.E. Schaefer},
title = {\textbf{Need title.}},
journal = {Phys Rev. Lett.},
year = {2002},
number = {89},
pages = {185501}
}

@Article{reyes2005,
author = {A. Reyes and M. V. Pak and S. Hammes-Schiffer},
title = {Investigation of isotope effects with the nuclear-electronic orbital approach},
journal = {J. Chem. Phys.},
year = {2005},
volume = {123},
pages = {064104}
}

@MastersThesis{robertsthesis,
author = {John W. Roberts, Jr.},
title = {Quantum Mechanical Calculations of Monoxides of Silicon Carbide Molecules},
school = {Air Force Institute of Technology},
year = {2003},
type = {Graduate Nuclear Engineering M.S. Thesis},
month = {March},
note = {AFIT/GNE/ENP/03-09}
}
@MastersThesis{rothenbush,
author = {Fred D. Rothenbush},
title = {Improved Multinuclide Imaging of Special Nuclear Material Using a High Purity Germanium Double Sided Strip Detector},
school = {AFIT},
year = {2005}
}
@ARTICLE{saito2002,
author = {H. Saito and Y. Nagashima and T. Kurihara and T. Hyodo},
title = {A new positron lifetime spectrometer using a fast digital oscilloscope and BaF$_2$ scintillators},
journal = {Nucl. Instr. and Meth. A},
year = {2002},
volume = {487},
pages = {612-617}
}
@ARTICLE{Saito20021,
AUTHOR="Saito, Fuminori
and Nagashima, Yasuyuki
and Wei, Long
and Itoh, Yoshiko
and Goto, Akira
and Hyodo, Toshio",
TITLE="A high-efficiency positron moderator using electro-polished tungsten meshes",
JOURNAL="Applied Surface Science",
YEAR="2002",
MONTH="June",
DAY="21",
VOLUME="194",
ISSUE="1-4",
PAGES="13--15"
}
@Book{sakurai,
author = {J. J. Sakurai},
title = {Advanced Quantum Mechanics},
publisher = {Addison-Wesley Publishing Company},
year = {1967}
}


@article{schmidt1979,
author = {M. W. Schmidt and K. Ruedenberg},
collaboration = {},
title = {Effective convergence to complete orbital bases and to the atomic Hartree--Fock limit through systematic sequences of Gaussian primitives},
publisher = {AIP},
year = {1979},
journal = {J. Chem. Phys.},
volume = {71},
number = {10},
pages = {3951-3962},
keywords = {MOLECULAR ORBITAL METHOD; HARTREE=(HYPHEN)=FOCK METHOD; SELF=(HYPHEN)=CONSISTENT FIELD; POLYATOMIC MOLECULES; MOLECULAR STRUCTURE},
}
%url = {http://link.aip.org/link/?JCP/71/3951/1},
@Article{schrader1970,
  title = {Self-Consistent-Field Theory for One-Positron Many-Electron Systems},
  author = {Schrader, D. M.},
  journal = {Phys. Rev. A},
  volume = {1},
  number = {4},
  pages = {1070--1080},
  numpages = {10},
  year = {1970},
  month = {Apr},
  doi = {10.1103/PhysRevA.1.1070},
  publisher = {American Physical Society}
}
@Book{schrader-book,
editor = {Y. C. Jean and P. E. Mallon and D. M. Schrader},
title = "Principles and Applications of Positron and Positronium Chemistry",
publisher = {World Scientific},
year = {2003}
}
@InBook{schraderchap1,
author= {Y. C. Jean and P. E. Mallon and D. M. Schrader},
title = "Principles and Applications of Positron and Positronium Chemistry",
chapter = {Introduction to Positron and Positronium Chemistry},
publisher = {World Scientific},
year = {2003}
}
@InBook{schraderchap2,
author = {D. M. Schrader},
title = "Principles and Applications of Positron and Positronium Chemistry",
chapter = {Compounds of Positrons and Positronium},
publisher = {World Scientific},
year = {2003}
}
@InBook{schraderchap14,
author = {H. Stoll and P. Castellaz and A. Siegle},
title = "Principles and Applications of Positron and Positronium Chemistry",
chapter = {AMOC in Positron and Positronium Chemistry},
publisher = {World Scientific},
year = {2003}
}
@PhdThesis{scottthesis,
author = {Michael B. Scott},
title = {Electrical and Optical Characterization of Intrinsic and Ion-Implantation Induced Defects in 6H- and 4H-SiC},
school = {Air Force Institute of Technology},
year = {1999},
type = {AFIT PhD Dissertation},
note = {AFIT/DS/ENP/99-04}
}
@Article{shearer1949,
author={J. W. Shearer and M. Deutsch},
title={The lifetime of positronium in matter},
journal={Phys. Rev.},
volume={76},
pages={462},
year={1949}
}

@Article{shoemaker1999,
author = {J.R. Shoemaker and L.W. Burggraf and M.S. Gordon},
title = {An Integrated Molecular Orbital/Molecular Mechanics Optimization Scheme For Surfaces, {SIMOMM}},
journal = {J. Phys. Chem. A},
year = {1999},
volume= {103},
pages = {3245}
}
@Article{shoemaker2000,
author = {James Shoemaker and Larry W. Burggraf and Mark S. Gordon},
title = {An \textit{ab initio} cluster study of the structure of the {S}i(001) surface},
journal = {Journal of Chemical Physics},
year = {2000},
volume = {112},
number = {6},
pages = {2994-3005},
month = {February}
}
@Article{smith1970,
author={P. M. Smith and D. A. L. Paul},
title={Positron annihilation in methane gas},
journal={Can. J. of Phys.},
volume={48},
pages={2984-2990},
year={1970}
}

@misc{spolsky-spec,
  title = {Painless Functional Specifications},
  author = {Joel Spolsky},
  howpublished = {\url{http://www.joelonsoftware.com/articles/fog0000000036.html}},
  note = {Accessed: 2014-12-29}
}

@Article{staab2001,
author = {T. E. M. Staab and L. M. Torpo and M. J. Puska and R. M. Nieminen},
title = {need title},
journal = {Mater. Sci. Forum},
year = {2001},
volume = {353-356},
pages = {533}
}
@Article{sterne1999,
author = {P. A. Sterne and J. E. Pask and B. M. Klein},
title = {Calculation of positron observables using finite element-based approach\label{note:sterne1999}},
journal = {App. Surf. Sci.},
year = {1999},
volume = {149},
pages = {238-243}
}
@article{strasburger2001,
author = {K. Strasburger},
title = {Adiabatic positron affinity of LiH},
publisher = {AIP},
year = {2001},
journal = {J. Chem. Phys.},
volume = {114},
number = {2},
pages = {615-616},
keywords = {lithium compounds; molecule-positron collisions; positron attachment; exotic molecules; variational techniques; molecular configurations},
}
%url = {http://link.aip.org/link/?JCP/114/615/1},
@MastersThesis{sulham,
author = {Clifford V. Sulham},
title = {Special nuclear material imaging using a high purity germanium double sided strip detector},
school = {AFIT},
year = {2004}
}
@Article{svensson1996,
author = {M. Svensson and S. Humbel and R.D.J. Froese and T. Mastubara and S. Sieber and K. Morokuma},
journal={J. Phys. Chem.},
volume = {100},
pages={19357},
year={1996}
}
@article{swalina2006,
author = {Swalina, C. and Pak, M.V. and Chakraborty, A. and Hammes-Schiffer, S.},
title = {Explicit Dynamical Electron-Proton Correlation in the Nuclear-Electronic Orbital Framework},
journal = {J. Phys. Chem. A},
volume = {110},
number = {33},
pages = {9983-9987},
year = {2006}
}
@Article{swalina2005-1,
author={C. Swalina and M. V. Pak and S. Hammes-Schiffer},
title={Alternative formulation of many-body perturbation theory for electron-proton correlation},
journal={Chem. Phys. Lett.},
volume={404},
pages={394-399},
year={2005}
}
@Article{swalina2005-2,
author={C. Swalina and M. V. Pak and S. Hammes-Schiffer},
title={Analysis of the nuclear-electronic orbital method for model hydrogen transfer systems},
journal={J. Chem. Phys.},
volume={123},
pages={014303},
year={2005}
}
@Article{swalina2005-3,
author={C. Swalina and S. Hammes-Schiffer},
title={Impact of Nuclear Quantum Effects on the Molecular Structure of
Bihalides and the Hydrogen Fluoride Dimer},
journal={J. Phys. Chem. A},
volume={109},
pages={10410},
year={2005}
}
@Book{szabo1989,
author = {A. Szabo and N. S. Ostlund},
title = {Modern Quantum Chemistry},
publisher = {McGraw-Hill, Inc.},
year = {1989},
address = {London}
}
@ARTICLE{tachikawa2001,
AUTHOR="Tachikawa, M.",
TITLE="Simultaneous optimization of Gaussian type function exponents for electron and positron with full-CI wavefunction - application to ground and excited states of positronic compounds with multi-component molecular orbital approach",
JOURNAL="Chem. Phys. Lett.",
YEAR="2001",
MONTH="December",
DAY="21",
VOLUME="350",
ISSUE="3-4",
PAGES="269-276"
}
@Article{tachikawa2003,
author = {M. Tachikawa and R. J. Buenker and M. Kimura},
title = {Bound states of positron with urea and acetone molecules using configuration interaction \textit{ab initio} molecular orbital approach},
journal = {J. Chem. Phys.},
year = {2003},
volume = {119},
number = {10},
pages = {5005-5009}
}
@Article{tachikawa2004,
author = {M. Tachikawa and R. J. Buenker and M. Kimura},
title = {Geometry relaxation effects for molecules as a result of binding with a positron},
journal = {J. Chem. Phys.},
year = {2004},
volume = {121},
number = {18},
pages = {9191-9192}
}
@Article{takatsuka2003,
author={A. Takatsuka and S. Ten-no},
title = {Theoretical Study of Positronium Atoms Using Frozen Gaussian-type Geminals},
journal = {Korean Chem. Soc.},
volume = {24},
number = {6},
year = {2003},
pages = {859-863}
}
@Article{taketa1966-2,
author = {H. Taketa and S. Huzinaga and K. O-ohata},
title = {Gaussian-Expansion Methods for Molecular Integrals},
journal = {J. Phys. Soc. Jap.},
volume = {21},
number = {11},
year = {1966},
pages = {2313-2324}
}
@ARTICLE{tamulaitis1997,
   author = {{Tamulaitis}, G. and {Buracas}, S. and {Martinov}, V.~P. and
        {Ryzhikov}, V.~D. and {Gutbrod}, H.~H. and {Manko}, V.~I. and
        {Terekhin}, M.},
    title = "{Luminescence Kinetics of PbWO4 Scintillator Crystals}",
  journal = {Physica Status Solidi Applied Research},
     year = 1997,
    month = jun,
   volume = 161,
    pages = {533-541},
}
@Article{tamura2003,
author = {Tamura, H. and Gordon, M.S.},
title = {},
journal = {J. Chem. Phys.},
year = {2003},
volume = {119},
pages = {10318-10324}
}

@ARTICLE{Tang20051,
AUTHOR="Tang, Z.
and Nagai, Y.
and Inoue, K.
and Toyama, T.
and Chiba, T.
and Saito, M.
and Hasegawa, M.",
TITLE="Self-Energy Correction to Momentum-Density Distribution of Positron-Electron Pairs",
JOURNAL="Phys. Rev. Lett.",
YEAR="2005",
MONTH="March",
DAY="18",
PUBLISHER="APS",
VOLUME="94",
ISSUE="10",
PAGES="106402--4",
KEYWORD="silicon",
KEYWORD="positron annihilation",
KEYWORD="density functional theory"
}
@phdThesis{tiritiris2003,
author={I. Tiritiris},
title={Investigations on reactivity, structure and dynamic of ionic closo-dodecaborates},
year={2003},
school={Institut f\"{u}r Anorganische Chemie},
type={Dissertation},
}
@InProceedings{tolk1995,
author = {Jun Xu and L.D. Hulett, Jr. and T.A. Lewis and N.H. Tolk},
title = {Studies of Positron Induced Luminescence from Polymers},
booktitle = {Materials Science Forum},
pages = {245-248},
year = {1995},
volume = {175-178},
publisher = {Trans Tech Publications, Switzerland}
}
@ARTICLE{vonbardeleben2002-1,
AUTHOR="von Bardeleben, H. J.
and Cantin, J. L.",
TITLE="Electron paramagnetic resonance study of proton implantation induced defects in monocrystalline 4H- and 6H-SiC",
JOURNAL="Nuclear Instruments and Methods in Physics Research Section B: Beam Interactions with Materials and Atoms",
YEAR="2002",
MONTH="January",
VOLUME="186",
ISSUE="1-4",
PAGES="201--205"
}
@ARTICLE{vonbardeleben2001-2,
AUTHOR="von Bardeleben, H. J.
and Cantin, J. L.",
TITLE="Electron irradiation induced defects in monocrystalline 4H-SiC and 6H-SiC: the influence of the electron energy and doping",
JOURNAL="Applied Surface Science",
YEAR="2001",
MONTH="December",
DAY="12",
VOLUME="184",
ISSUE="1-4",
PAGES="237--241"
}
@article{wales1993,
author = {Wales, D. J.},
title = {Rearrangement mechanisms of B12H122- and C2B10H12},
journal = {J. Am. Chem. Soc.},
volume = {115},
number = {4},
pages = {1557-1567},
year = {1993},
}

@Article{wang1988,
author = {C. Wang and J. Bernhole and R. F. Davis},
title = {Formation energies, abundances, and the electronic structure of native defects in cubic SiC},
journal = {Phys. Rev. B},
year = {1988},
volume = {38},
number = {17},
pages = {12752-12755}
}
@Book{weaver1983,
author = {H. Joseph Weaver},
title = {Applications of Discrete and Continuous Fourier Analysis},
publisher = {John Wiley and Sons},
year = {1983}
}



@ARTICLE{webb2002,
AUTHOR="Webb, S. P.
and Iordanov, T.
and Hammes-Schiffer, S.",
TITLE="Multiconfigurational nuclear-electronic orbital approach: Incorporation of nuclear quantum effects in electronic tructure calculations\label{note:webb2002}",
MONTH="September",
DAY="01",
JOURNAL="J. Chem. Phys.",
YEAR="2002",
PUBLISHER="AIP",
VOLUME="117",
ISSUE="9",
PAGES="4106--4118",
KEYWORD="molecular electronic states",
KEYWORD="atomic structure",
KEYWORD="orbital calculations",
KEYWORD="wave functions",
KEYWORD="HF calculations",
KEYWORD="SCF calculations",
KEYWORD="configuration interactions"
}
@Article{weber2002,
author = {M. H. Weber and K. G. Lynn and B. Barbiellini and P. A. Sterne and A. B. Denison},
title = {Direct observation of energy-gap scaling law in CdSe quantum dots with positrons},
journal = {Phys. Rev. B},
year = {2002},
volume = {66},
number = {041305(R)}
}
@Book{weil1994,
author = {John A. Weil and James R. Bolton and John E. Wertz},
title = {Electron Paramagnetic Resonance: Elementary Theory and Practical Applications},
publisher = {John Wiley and Sons, Inc.},
year = {1994},
address = {New York}
}

@TechReport{wetter2004,
title = {GenOpt$^{\regmark}$ Generic Optimization Program, Version 2.0},
author = {M. Wetter},
number = {LBNL-54199},
institution= {Lawrence Berkely National Laboratory},
year={2004}
}


@article{williams2011,
  Author = {Christopher S. Williams and Larry W. Burggraf and Paul E. Adamson and James C. Petrosky},
  Doi = {http://dx.doi.org/10.1016/j.nima.2010.11.031},
  Issn = {0168-9002},
  Journal = {Nuclear Instruments and Methods in Physics Research Section A: Accelerators, Spectrometers, Detectors and Associated Equipment},
  Keywords = {Momentum},
  Number = {1},
  Pages = {175 - 184},
  Title = {Optimization of three-dimensional positron annihilation spectroscopy system (3DPASS) for three-dimensional momentum measurements}, 
  Url = {http://www.sciencedirect.com/science/article/pii/S0168900210024939},
  Volume = {629},
  Year = {2011}
}


@Article{wulf2002,
  author = {E.A. Wulf and W.N. Johnson and R.A. Kroeger and J.D. Kurfess and B.F. Phlips},
  title = {Depth Measurement in a Strip Detector},
  journal = {IEEE Trans. Nuc. Sci.},
  year = {2002},
  number = {49},
  pages = {1876-1880}
}

% URL entries

@Misc{cccbdb,
  key={cccbdb},
  title = {Computational Chemistry Comparison and Benchmark DataBase},
  url = {http://srdata.nist.gov/cccbdb}
}
@Misc{cree,
  url = {http://www.cree.com},
  organization = {Cree, Inc.}
}
@Misc{firstpsi,
  key={First Psi Scientific, Inc.},
  url = {http://www.firstpsi.com/rgm-1.htm},
}
@Misc{fotelp,
  key={FOTELP},
  url ={http://www.vin.bg.ac.yu/~rasa/fot-en.htm},
}

@Misc{nepomuc,
  url = {http://www.frm2.tu-muenchen.de/nepomuc/en/anlage-e.html},
}
@Misc{pyquante,
  author = {R. Muller},
  title = {PyQuante$^\text{\copyright}$: Python Quantum Chemistry},
  URL = {http://pyquante.sourceforge.net}
}
@Misc{rsicc,
  key = {RSICC},
  url ={http://www-rsicc.ornl.gov/rsicc.html},
}
@Misc{nrl_website,
  title = {Gamma and Cosmic Ray Astrophysics Branch},
  url = {http://hese.nrl.navy.mil/gamma/detector/detector.htm}
}
@Misc{hph,
  title = {HyperPhysics},
  url = {http://hyperphysics.phy-astr.gsu.edu/hbase/hph.html}
}

